@online{manual, 
    author    = {Unity Technologies},
    title     = {Unity Manual},
    url       = {http://docs.unity3d.com/Manual/index.html},
    urldate   = {2015},
    keywords  = {manual,unity}
}
@book{GameDevThorn,
	author    = {THORN Alan},
	year      = {2014},
	title     = {Pro Unity Game Development with C\#},
	publisher = {Apress},
	volume    = {1. izdaja},
	address   = {New York},
	isbn      = {9781430267461},
	keywords  = {thorn, unity}
}
@book{AndroidUnity,
	author    = {FINNEGAN Thomas},
	year      = {2015},
	title     = {Learning Unity Android Game Development},
	publisher = {Packt Publishing},
	volume    = {1. izdaja},
	address   = {Birmingham},
	isbn      = {9781784394691},
	keywords  = {finnegan, unity, android}
}
@online{shaders, 
    author    = {KINNEY Joshua},
    title     = {Introduction to Scripting Shaders in Unity},
    url       = {http://www.digitaltutors.com/tutorial/1438-Introduction-to-Scripting-Shaders-in-Unity},
    urldate   = {2015},
    keywords  = {shaders, scripting,unity}
}